@inproceedings{anr,
    title = {BC4SSI},
    booktitle = {Projet ANR},
    author = {Romaric, Ludinard and Emmanuelle, Anceaume},
    year = {2022},
    note ={{\url {https://hub.imt-atlantique.fr/bc4ssi/}} (consulté le 30/07/2024)},
    institution = {IMT Atlantique},
}
@inproceedings{dge,
    title = {Les verrous technologiques des blockchains},
    booktitle = {Rapport de la DGE},
    author = {DGE},
    year = {2021},
    note ={{\url {https://www.entreprises.gouv.fr/files/files/etudes-et-statistiques/rapport-final-blockchain.pdf}} (consulté le 18/07/2024)},
    institution = {DGE},
}
@article{bitcoin,
  title = {Bitcoin: A Peer-to-Peer Electronic Cash System},
  ISSN = {1556-5068},
  url = {http://dx.doi.org/10.2139/ssrn.3440802},
  DOI = {10.2139/ssrn.3440802},
  journal = {SSRN Electronic Journal},
  publisher = {Elsevier BV},
  author = {Nakamoto,  Satoshi},
  year = {2008}
}
@article{static_backbone,
  title = {The Bitcoin Backbone Protocol: Analysis and Applications},
  ISSN = {1557-735X},
  url = {http://dx.doi.org/10.1145/3653445},
  DOI = {10.1145/3653445},
  journal = {Journal of the ACM},
  publisher = {Association for Computing Machinery (ACM)},
  author = {Garay,  Juan A. and Kiayias,  Aggelos and Leonardos,  Nikos},
  year = {2024},
  month = apr 
}
@inbook{dynamic_backbone,
  title = {The Bitcoin Backbone Protocol with Chains of Variable Difficulty},
  ISBN = {9783319636887},
  ISSN = {1611-3349},
  url = {http://dx.doi.org/10.1007/978-3-319-63688-7_10},
  DOI = {10.1007/978-3-319-63688-7_10},
  booktitle = {Lecture Notes in Computer Science},
  publisher = {Springer International Publishing},
  author = {Garay,  Juan and Kiayias,  Aggelos and Leonardos,  Nikos},
  year = {2017},
  pages = {291–323}
}
@inproceedings{mls,
  series = {CCS ’21},
  title = {Mining in Logarithmic Space},
  url = {http://dx.doi.org/10.1145/3460120.3484784},
  DOI = {10.1145/3460120.3484784},
  booktitle = {Proceedings of the 2021 ACM SIGSAC Conference on Computer and Communications Security},
  publisher = {ACM},
  author = {Kiayias,  Aggelos and Leonardos,  Nikos and Zindros,  Dionysis},
  year = {2021},
  month = nov,
  collection = {CCS ’21}
}
@inproceedings{nca,
  author={Anceaume, Emmanuelle and Lajoie-Mazenc, Thibaut and Ludinard, Romaric and Sericola, Bruno},
  booktitle={2016 IEEE 15th International Symposium on Network Computing and Applications (NCA)}, 
  title={Safety analysis of Bitcoin improvement proposals}, 
  year={2016},
  volume={},
  number={},
  pages={318-325},
  keywords={Online banking;Cryptography;Safety;Ecosystems;Protocols;Peer-to-peer computing;Bitcoin;Peer-to-Peer Systems;Safety;Analytical Performance Evaluation},
  doi={10.1109/NCA.2016.7778636}
}
@book{combinatoire,
  title = {Handbook of Enumerative Combinatorics},
  author = {Bona, Miklos},
  ISBN = {9780429170317},
  url = {http://dx.doi.org/10.1201/b18255},
  DOI = {10.1201/b18255},
  publisher = {Chapman and Hall/CRC},
  year = {2015},
  month = mar 
}
@inproceedings{dag,
  title = {Sycomore: A Permissionless Distributed Ledger that Self-Adapts to Transactions Demand},
  url = {http://dx.doi.org/10.1109/NCA.2018.8548053},
  DOI = {10.1109/nca.2018.8548053},
  booktitle = {2018 IEEE 17th International Symposium on Network Computing and Applications (NCA)},
  publisher = {IEEE},
  author = {Anceaume,  Emmanuelle and Guellier,  Antoine and Ludinard,  Romaric and Sericola,  Bruno},
  year = {2018},
  month = nov 
}
@misc{rosenfeld,
  doi = {10.48550/ARXIV.1402.2009},
  url = {https://arxiv.org/abs/1402.2009},
  author = {Rosenfeld,  Meni},
  keywords = {Cryptography and Security (cs.CR),  FOS: Computer and information sciences,  FOS: Computer and information sciences},
  title = {Analysis of Hashrate-Based Double Spending},
  publisher = {arXiv},
  year = {2014},
  copyright = {arXiv.org perpetual,  non-exclusive license}
}
@misc{double-spend,
  doi = {10.48550/ARXIV.1701.03977},
  url = {https://arxiv.org/abs/1701.03977},
  author = {Ozisik,  A. Pinar and Levine,  Brian Neil},
  keywords = {Cryptography and Security (cs.CR),  FOS: Computer and information sciences,  FOS: Computer and information sciences},
  title = {An Explanation of Nakamoto's Analysis of Double-spend Attacks},
  publisher = {arXiv},
  year = {2017},
  copyright = {arXiv.org perpetual,  non-exclusive license}
}
@article{gamblers,
  title = {Gambler's ruin probability—A general formula},
  journal = {Statistics \& Probability Letters},
  volume = {83},
  number = {10},
  pages = {2205-2210},
  year = {2013},
  issn = {0167-7152},
  doi = {https://doi.org/10.1016/j.spl.2013.06.005},
  url = {https://www.sciencedirect.com/science/article/pii/S0167715213002101},
  author = {Guy Katriel},
  keywords = {Gambler's ruin problem, Ruin probability},
  abstract = {We derive an explicit formula for the probability of ruin of a gambler playing against an infinitely-rich adversary, when the games have payoff given by a general integer-valued probability distribution.}
}
@misc{PoS,
  title={PPCoin: Peer-to-Peer Crypto-Currency with Proof-of-Stake},
  author={Sunny King and Scott Nadal},
  year={2012},
  url={https://api.semanticscholar.org/CorpusID:42319203}
}
@misc{PoC,
  author = {Stefan Dziembowski and Sebastian Faust and Vladimir Kolmogorov and Krzysztof Pietrzak},
  title = {Proofs of Space},
  howpublished = {Cryptology ePrint Archive, Paper 2013/796},
  year = {2013},
  note = {\url{https://eprint.iacr.org/2013/796}},
  url = {https://eprint.iacr.org/2013/796}
}